@Article{csillery2010approximate,
  Title                    = {Approximate Bayesian Computation (ABC) in practice},
  Author                   = {Csilléry, Katalin and Blum, MG and Gaggiotti OE and François, O},
  Journal                  = {Trends Eco Evol},
  Year                     = {2010},
  Number                   = {7},
  Pages                    = {410--418},
  Volume                   = {25},
  Publisher                = {CellPress}
}

@Article{watterson1975number,
  Title                    = {On the number of segregating sites in genetical models without recombination},
  Author                   = {Watterson, GA},
  Journal                  = {Theoretical population biology},
  Year                     = {1975},
  Number                   = {2},
  Pages                    = {256--276},
  Volume                   = {7},
  Publisher                = {Elsevier}
}

@article {Tajima1983Evolutionary,
	author = {Tajima, Fumio},
	title = {Evolutionary relationship of DNA sequences in finite populations},
	volume = {105},
	number = {2},
	pages = {437--460},
	year = {1983},
	publisher = {Genetics},
	issn = {0016-6731},
	journal = {Genetics}
}

@Article{chen2012joint,
  Title                    = {The joint allele frequency spectrum of multiple populations: a coalescent theory approach},
  Author                   = {Chen, Hua},
  Journal                  = {Theoretical population biology},
  Year                     = {2012},
  Number                   = {2},
  Pages                    = {179--195},
  Volume                   = {81},
  Publisher                = {Elsevier}
}

@Article{Durand2009,
  Title = {Testing for ancient admixture between closely related populations},
  Author = {Durand, Eric Y and Patterson, Nick and Reich, David and Slatkin, Montgomery},
  Journal = {Molecular Biology and Evolution},
  Year = {2011},
  Number  = {8},
  Pages = {2239--2252},
  Volume = {28},
  Publisher = {SMBE}
}

@article{Lohse2016,
	author = {Lohse, Konrad and Chmelik, Martin and Martin, Simon H. and Barton, Nicholas H.},
	title = {Efficient strategies for calculating blockwise likelihoods under the coalescent},
	volume = {202},
	number = {2},
	pages = {775--786},
	year = {2016},
	publisher = {Genetics},
	issn = {0016-6731},
	journal = {Genetics}
}


@Article{becquet2007new,
    Title                    = {A new approach to estimate parameters of speciation models with application to apes},
    Author                   = {Becquet, Celine and Przeworski, Molly},
    Journal                  = {Genome research},
    Year                     = {2007},
    Number                   = {10},
    Pages                    = {1505--1519},
    Volume                   = {17},
    Publisher                = {Cold Spring Harbor Lab}
}

@article{Cornuet2008,
    author = {Cornuet, Jean-Marie and Santos, Filipe and Beaumont, Mark A. and Robert, Christian P. and Marin, Jean-Michel and Balding, David J. and Guillemaud, Thomas and Estoup, Arnaud},
    title = {Inferring population history with DIY ABC: a user-friendly approach to approximate Bayesian computation},
    journal = {Bioinformatics},
    volume = {24},
    number = {23},
    pages = {2713-2719},
    year = {2008},
}

@Article{excoffier2013,
  Title                    = {Robust demographic inference from genomic and SNP data},
  Author                   = {Excoffier, Laurent and Dupanloup, Isabelle and Huerta-S{\'a}nchez, Emilia and Sousa, Vitor C and Foll, Matthieu},
  Journal                  = {PLoS Genet},
  Year                     = {2013},
  Number                   = {10},
  Pages                    = {e1003905},
  Volume                   = {9},
  Publisher                = {Public Library of Science}
}

@Article{gutenkunst2009inferring,
  Title                    = {Inferring the joint demographic history of multiple populations from multidimensional SNP frequency data},
  Author                   = {Gutenkunst, Ryan N and Hernandez, Ryan D and Williamson, Scott H and Bustamante, Carlos D},
  Journal                  = {PLoS Genet},
  Year                     = {2009},
  Number                   = {10},
  Pages                    = {e1000695},
  Volume                   = {5},
  Publisher                = {Public Library of Science}
}

@article{Green2010,
	Author = {Green, Richard E. and Krause, Johannes and Briggs, Adrian W. and Maricic, Tomislav and Stenzel, Udo and Kircher, Martin and Patterson, Nick and Li, Heng and Zhai, Weiwei and Fritz, Markus Hsi-Yang and Hansen, Nancy F. and Durand, Eric Y. and Malaspinas, Anna-Sapfo and Jensen, Jeffrey D. and Marques-Bonet, Tomas and Alkan, Can and Prufer, Kay and Meyer, Matthias and Burbano, Hernan A. and Good, Jeffrey M. and Schultz, Rigo and Aximu-Petri, Ayinuer and Butthof, Anne and Hober, Barbara and Hoffner, Barbara and Siegemund, Madlen and Weihmann, Antje and Nusbaum, Chad and Lander, Eric S. and Russ, Carsten and Novod, Nathaniel and Affourtit, Jason and Egholm, Michael and Verna, Christine and Rudan, Pavao and Brajkovic, Dejana and Kucan, Zeljko and Gusic, Ivan and Doronichev, Vladimir B. and Golovanova, Liubov V. and Lalueza-Fox, Carles and de la Rasilla, Marco and Fortea, Javier and Rosas, Antonio and Schmitz, Ralf W. and Johnson, Philip L. F. and Eichler, Evan E. and Falush, Daniel and Birney, Ewan and Mullikin, James C. and Slatkin, Montgomery and Nielsen, Rasmus and Kelso, Janet and Lachmann, Michael and Reich, David and Paabo, Svante},
	Date-Added = {2010-06-10 15:14:58 +0100},
	Date-Modified = {2010-06-10 16:45:14 +0100},
	Journal = {Science},
	Number = {5979},
	Pages = {710-722},
	Title = {A draft sequence of the {N}eanderthal genome},
	Volume = {328},
	Year = {2010}
}

@Article{hey2004multilocus,
  Title                    = {Multilocus methods for estimating population sizes, migration rates and divergence time, with applications to the divergence of Drosophila pseudoobscura and D. persimilis},
  Author                   = {Hey, Jody and Nielsen, Rasmus},
  Journal                  = {Genetics},
  Year                     = {2004},
  Number                   = {2},
  Pages                    = {747--760},
  Volume                   = {167},
  Publisher                = {Genetics Soc America}
}

@article {Bunnefeld2015,
	author = {Bunnefeld, Lynsey and Frantz, Laurent A. F. and Lohse, Konrad},
	title = {Inferring bottlenecks from genome-wide samples of short sequence blocks},
	volume = {201},
	number = {3},
	pages = {1157--1169},
	year = {2015},
	doi = {10.1534/genetics.115.179861},
	publisher = {Genetics},
	issn = {0016-6731},
	journal = {Genetics}
}

@book{Wakeley2009,
	Address = {Greenwood Village, Colorado},
	Author = {Wakeley, J.},
	Date-Modified = {2010-06-04 15:00:13 +0100},
	Publisher = {Roberts \& Company Publishers},
	Title = {Coalescent theory},
	Year = {2009}
}

@article{Beaumont2002,
	Author = {Beaumont, Mark A. AND Zhang, W. AND Balding, D. J. },
	Date-Added = {2010-07-13 10:20:06 +0100},
	Date-Modified = {2010-07-13 10:22:19 +0100},
	Journal = {Genetics},
	Pages = {2025-2026},
	Title = {Approximate {B}ayesian computation in population genetics},
	Volume = {162},
	Year = {2002}
}

@article{Nei1972,
    author = {Masatoshi Nei},
    title = {Genetic distance between populations},
    journal = {The American Naturalist},
    volume = {106},
    number = {949},
    pages = {283-292},
    year = {1972},
}

@article {Beeravolu2017,
    author = {Beeravolu Reddy, Champak and Hickerson, Michael J. and Frantz, Laurent A. F. and Lohse, Konrad},
    title = {Blockwise site frequency spectra for inferring complex population histories and recombination},
    year = {2017},
    doi = {10.1101/077958},
    publisher = {Cold Spring Harbor Laboratory},
    journal = {bioRxiv}
}

@misc{miles2017scikit,
    title={scikit-allel},
    author={Alistair Miles and Nick Harding},
    year={2017},
    note={https://doi.org/10.5281/zenodo.822784},
}

@article{thornton2003libsequence,
    author = {Thornton, Kevin},
    title = {{Libsequence: a C++ class library for evolutionary genetic analysis.}},
    journal = {Bioinformatics (Oxford, England)},
    year = {2003},
    volume = {19},
    number = {17},
    pages = {2325--2327},
    month = nov
}

@article{hudson2002generating,
author ={Richard R. Hudson},
title = {Generating samples under a {Wright-Fisher} neutral model of genetic variation},
year = {2002},
journal = {Bioinformatics},
volume = {18},
number = {2},
pages = {337--338},
}

@article{hudson1983testing,
title = {Testing the constant-rate neutral allele model with protein sequence data},
author = {Richard R. Hudson},
journal = {Evolution},
year = {1983},
volume = {37},
number = {1},
pages = {203--217},
}

@article{hudson1983properties,
title = {Properties of a neutral allele model with intragenic recombination},
author = {R. R. Hudson},
journal = {Theor Popul Biol},
year = {1983},
volume = {23},
pages = {183--201},
}
@article{hudson1985the,
title = {The use of sample genealogies for studying a selectively neutral
	$m$-loci model with recombination},
author = {Norman Kaplan and Richard R. Hudson},
journal = {Theor Popul Biol},
year = {1985},
volume = {28},
pages = {382--396},
}

@book{wakely2008coalescent,
author = {Wakeley, J.},
title = {Coalescent theory: an introduction},
year = {2008},
address = {Englewood, Colorado},
publisher = {Roberts and Company},
}

@article{sousa2011nonidentifiability,
    title={On the nonidentifiability of migration time estimates in isolation
        with migration models},
    author={Sousa, Vitor C and Grelaud, Aude and Hey, Jody},
    journal={Molecular ecology},
    volume={20},
    number={19},
    pages={3956--3962},
    year={2011},
    publisher={Wiley Online Library}
}

@article{international2003international,
    title={The international {HapMap} project},
    author={{International HapMap Consortium}},
    journal={Nature},
    volume={426},
    number={6968},
    pages={789},
    year={2003},
    publisher={Nature Publishing Group}
}

@Misc{jones-2018-scipy,
    author =    {Eric Jones and Travis Oliphant and Pearu Peterson and
        others},
    title =     {{SciPy}: Open source scientific tools for {Python}},
    year =      {2001--2018},
    url = "http://www.scipy.org/",
    note = {[Online; accessed 2018-01-30]}
}

@article{walt2011numpy,
    title={The {NumPy} array: a structure for efficient numerical computation},
    author={Walt, St{\'e}fan van der and Colbert, S Chris and Varoquaux,
        Gael},
    journal={Computing in Science \& Engineering},
    volume={13},
    number={2},
    pages={22--30},
    year={2011},
    publisher={IEEE}
}

@article{perez2007ipython,
    title={IPython: a system for interactive scientific computing},
    author={P{\'e}rez, Fernando and Granger, Brian E},
    journal={Computing in Science \& Engineering},
    volume={9},
    number={3},
    year={2007},
    publisher={IEEE}
}

@article{hunter2007matplotlib,
    title={Matplotlib: A 2D graphics environment},
    author={Hunter, John D},
    journal={Computing in science \& engineering},
    volume={9},
    number={3},
    pages={90--95},
    year={2007},
    publisher={IEEE}
}

@inproceedings{mckinney2010data,
    title={Data structures for statistical computing in python},
    author={McKinney, Wes and others},
    booktitle={Proceedings of the 9th Python in Science Conference},
    volume={445},
    pages={51--56},
    year={2010},
    organization={Austin, TX}
}

@misc{michael_waskom_2017_883859,
    author = {Michael Waskom and
        Olga Botvinnik and Drew O'Kane and Paul Hobson and Saulius Lukauskas
            and David C Gemperline and Tom Augspurger and Yaroslav Halchenko and John
            B. Cole and Jordi Warmenhoven and Julian de Ruiter and Cameron Pye and
            Stephan Hoyer and Jake Vanderplas and Santi Villalba and Gero Kunter and Eric
            Quintero and Pete Bachant and Marcel Martin and Kyle Meyer and Alistair Miles and
            Yoav Ram and Tal Yarkoni and Mike Lee Williams and Constantine Evans and Clark
            Fitzgerald and Brian and Chris Fonnesbeck and Antony Lee and Adel Qalieh},
    title        = {mwaskom/seaborn: v0.8.1 (September 2017)},
    month        = sep,
    year         = 2017,
    doi          = {10.5281/zenodo.883859},
    url          = {https://doi.org/10.5281/zenodo.883859}
}

@article{carvajal2008simulation,
    title={Simulation of genomes: a review},
    author={Carvajal-Rodr{\'\i}guez, Antonio},
    journal={Current genomics},
    volume={9},
    number={3},
    pages={155--159},
    year={2008},
    publisher={Bentham Science Publishers}
}

@article{liu2008survey,
    title={A survey of genetic simulation software for population and
        epidemiological studies},
    author={Liu, Youfang and Athanasiadis, Georgios and Weale, Michael E},
    journal={Human genomics},
    volume={3},
    number={1},
    pages={79},
    year={2008},
    publisher={BioMed Central}
}

@article{arenas2012simulation,
    title={Simulation of molecular data under diverse evolutionary
        scenarios},
    author={Arenas, Miguel},
    journal={PLoS computational biology},
    volume={8},
    number={5},
    pages={e1002495},
    year={2012},
    publisher={Public Library of Science}
}

@article{yuan2012overview,
    title={An overview of population genetic data simulation},
    author={Yuan, Xiguo and Miller, David J and Zhang, Junying and
        Herrington, David and Wang, Yue},
    journal={Journal of Computational Biology},
    volume={19},
    number={1},
    pages={42--54},
    year={2012},
    publisher={Mary Ann Liebert, Inc. 140 Huguenot Street, 3rd
        Floor New Rochelle, NY 10801 USA}
}

@article{hoban2012computer,
    title={Computer simulations: tools for population and evolutionary
        genetics},
    author={Hoban, Sean and Bertorelle, Giorgio and Gaggiotti, Oscar E},
    journal={Nature Reviews Genetics},
    volume={13},
    number={2},
    pages={110},
    year={2012},
    publisher={Nature Publishing Group}
}

@article{martin2017human,
    title={Human demographic history impacts genetic risk prediction across diverse populations},
    author={Martin, Alicia R and Gignoux, Christopher R and Walters, Raymond K and Wojcik, Genevieve L
        and Neale, Benjamin M and Gravel, Simon and Daly, Mark J and Bustamante, Carlos D and Kenny, Eimear E},
    journal={The American Journal of Human Genetics},
    volume={100},
    number={4},
    pages={635--649},
    year={2017},
    publisher={Elsevier}
}

@article{martin2020correction,
    title = {Correction: Human Demographic History Impacts Genetic Risk Prediction across
        Diverse Populations},
    journal = {The American Journal of Human Genetics},
    volume = {107},
    number = {4},
    pages = {788-789},
    year = {2020},
    issn = {0002-9297},
    author = {Alicia R. Martin and Christopher R. Gignoux and Raymond K.
        Walters and Genevieve L. Wojcik and Benjamin M. Neale and Simon Gravel
            and Mark J. Daly and Carlos D. Bustamante and Eimear E. Kenny}
}

@article{mcvean2005approximating,
  title={Approximating the coalescent with recombination},
  author={McVean, Gilean A T and Cardin, Niall J},
  journal={Philosophical Transactions of the Royal Society of London B: Biological Sciences},
  volume={360},
  number={1459},
  pages={1387--1393},
  year={2005},
  publisher={The Royal Society}
}

@article{staab2014scrm,
author ={Paul R. Staab and Sha Zhu and Dirk Metzler and Gerton Lunter},
title = {scrm: efficiently simulating long sequences using the
    approximated coalescent with recombination},
year = {2014},
journal = {Bioinformatics},
volume = {31},
number = {10},
pages = {1680--1682},
}

@article{li2011inference,
author ={Heng Li and Richard Durbin},
title = {Inference of human population history from individual whole-genome sequences},
year = {2011},
journal = {Nature},
volume = {475},
pages = {493--496},
}

@article{schiffels2014inferring,
author ={Stephan Schiffels and Richard Durbin},
title = {Inferring human population size and separation history from multiple genome sequences},
year = {2014},
journal= {Nat Genet},
volume = {46},
pages = {919--925},
}

@article{rasmussen2014genome,
author ={Matthew D. Rasmussen and Melissa J. Hubisz and Ilan Gronau and
 Adam Siepel},
title = {Genome-wide inference of ancestral recombination graphs},
year = {2014},
journal = {PLoS Genet},
volume = {10},
number = {5},
pages = {e1004342},
}

@article{harris2013inferring,
    title={Inferring demographic history from a spectrum of shared haplotype lengths},
    author={Harris, Kelley and Nielsen, Rasmus},
    journal={PLoS genetics},
    volume={9},
    number={6},
    pages={e1003521},
    year={2013},
    publisher={Public Library of Science}
}

@article{kelleher2016efficient,
    title={Efficient coalescent simulation and genealogical analysis for large sample sizes},
    author={Kelleher, Jerome and Etheridge, Alison M and McVean, Gilean},
    journal={PLoS computational biology},
    volume={12},
    number={5},
    pages={e1004842},
    year={2016},
    publisher={Public Library of Science}
}

@article{kelleher2018efficient,
    author = {Kelleher, Jerome and Thornton, Kevin and Ashander, Jaime and Ralph, Peter},
    title = {Efficient pedigree recording for fast population genetics simulation},
    journal={PLoS computational biology},
    volume={14},
    number={11},
    pages={e1006581},
    year = {2018},
    publisher={Public Library of Science}
}

@article{haller2018tree,
    title={Tree-sequence recording in {SLiM} opens new horizons for
        forward-time simulation of whole genomes},
    author={Haller, Benjamin C and Galloway, Jared and Kelleher, Jerome and
        Messer, Philipp W and Ralph, Peter L},
    journal={Molecular Ecology Resources},
    year={2018},
    publisher={Wiley Online Library}
}

@article{kelleher2013coalescent,
    title={Coalescent simulation in continuous space},
    author={Kelleher, Jerome and Barton, Nicholas H and Etheridge, Alison M},
    journal={Bioinformatics},
    volume={29},
    number={7},
    pages={955--956},
    year={2013},
    publisher={Oxford University Press}
}

@article{kelleher2014coalescent,
    title={Coalescent simulation in continuous space: Algorithms for large
        neighbourhood size},
    author={Kelleher, J and Etheridge, AM and Barton, NH},
    journal={Theoretical population biology},
    volume={95},
    pages={13--23},
    year={2014},
    publisher={Elsevier}
}

@article{kingman1982coalescent,
  title={The coalescent},
  author={Kingman, John Frank Charles},
  journal={Stochastic processes and their applications},
  volume={13},
  number={3},
  pages={235--248},
  year={1982},
  publisher={Elsevier}
}

@article{hudson1990gene,
author = {Hudson, Richard R},
title = {Gene genealogies and the coalescent process},
journal = {Oxford Surveys in Evolutionary Biology},
year = {1990},
volume = {7},
pages = {1-44},
}

@article{patterson2012ancient,
    title={Ancient admixture in human history},
    author={Patterson, Nick and Moorjani, Priya and Luo, Yontao and
        Mallick, Swapan and Rohland, Nadin and Zhan, Yiping and
            Genschoreck, Teri and Webster, Teresa and Reich, David},
    journal={Genetics},
    volume={192},
    number={3},
    pages={1065--1093},
    year={2012},
    publisher={Genetics Soc America}
}

@article{wright1950genetical,
    title={Genetical structure of populations.},
    author={Wright, Sewall},
    journal={Nature},
    volume={166},
    pages={247--49},
    year={1950},
    publisher={Lond}
}

@article{gower2022demes,
	title = {Demes: a standard format for demographic models},
	author = {Gower, Graham and Ragsdale, Aaron P and Bisschop, Gertjan and Gutenkunst, Ryan N and Hartfield, Matthew and Noskova, Ekaterina and Schiffels, Stephan and Struck, Travis J and Kelleher, Jerome and Thornton, Kevin R},
	journal = {Genetics},
	volume = {222},
	pages = {iyac131},
	year = {2022},
}

@misc{gower_grahamgowerdemesdraw_2024,
	title = {grahamgower/demesdraw},
	copyright = {ISC},
	url = {https://github.com/grahamgower/demesdraw},
	abstract = {Drawing functions for Demes demographic models},
	urldate = {2025-02-17},
	author = {Gower, Graham},
	month = aug,
	year = {2024},
	note = {original-date: 2021-03-05T18:23:44Z},
	keywords = {demes, drawing, figures, python},
}

@article{ralph_efficiently_2020,
	title = {Efficiently {Summarizing} {Relationships} in {Large} {Samples}: {A} {General} {Duality} {Between} {Statistics} of {Genealogies} and {Genomes}},
	author = {Ralph, Peter and Thornton, Kevin and Kelleher, Jerome},
	journal = {Genetics},
    volume = {215},
	pages = {779--797},
    year = {2020},
	doi = {10.1534/genetics.120.303253},
}

@article{nelson_accounting_2020,
	title = {Accounting for long-range correlations in genome-wide simulations of large cohorts},
    author = {Nelson, Dominic and Kelleher, Jerome and Ragsdale, Aaron P. and Moreau, Claudia and McVean, Gil and Gravel, Simon},
	journal = {PLOS Genetics},
	volume = {16},
	pages = {e1008619},
	year = {2020},
	doi = {10.1371/journal.pgen.1008619},
}

@article{jukes1969evolution,
    title={Evolution of protein molecules},
    author={Jukes, Thomas H and Cantor, Charles R and others},
    journal={Mammalian protein metabolism},
    volume={3},
    pages={21--132},
    year={1969}
}

@article{felsenstein1996hidden,
    title={A {Hidden} {Markov} {Model} approach to variation among sites in rate of
        evolution.},
    author={Felsenstein, Joseph and Churchill, Gary A},
    journal={Molecular biology and evolution},
    volume={13},
    number={1},
    pages={93--104},
    year={1996}
}

@article{tavare1986some,
    title={Some probabilistic and statistical problems in the analysis of {DNA}
        sequences},
    author={Tavar{\'e}, Simon and others},
    journal={Lectures on mathematics in the life sciences},
    volume={17},
    number={2},
    pages={57--86},
    year={1986}
}

@article{henikoff1992amino,
    title={Amino acid substitution matrices from protein blocks},
    author={Henikoff, Steven and Henikoff, Jorja G},
    journal={Proceedings of the National Academy of Sciences},
    volume={89},
    number={22},
    pages={10915--10919},
    year={1992},
    publisher={National Acad Sciences}
}

@article{dayhoff1978,
    title={A model of evolutionary change in proteins},
    author={Dayhoff, M and Schwartz, R and Orcutt, B},
    journal={Atlas of protein sequence and structure},
    volume={5},
    pages={345--352},
    year={1978},
    publisher={National Biomedical Research Foundation Silver
        Spring MD}
}

@article{hasegawa_1985_dating,
  author = {Hasegawa, Masami and Kishino, Hirohisa and Yano, Taka-aki},
  month = {10},
  pages = {160-174},
  title = {Dating of the human-ape splitting by a molecular clock of mitochondrial DNA},
  doi = {10.1007/bf02101694},
  volume = {22},
  year = {1985},
  journal = {Journal of Molecular Evolution}
}

@article{kimura_1978_stepwise,
  author = {Kimura, M. and Ohta, T.},
  month = {06},
  pages = {2868-2872},
  title = {Stepwise mutation model and distribution of allelic frequencies in a finite population.},
  doi = {10.1073/pnas.75.6.2868},
  urldate = {2020-04-29},
  volume = {75},
  year = {1978},
  journal = {Proceedings of the National Academy of Sciences}
}

@article{dirienzo_1994_mutational,
  author = {Di Rienzo, A and Peterson, A C and Garza, J C and Valdes, A M and Slatkin, M and Freimer, N B},
  month = {04},
  pages = {3166-3170},
  title = {Mutational processes of simple-sequence repeat loci in human populations.},
  doi = {10.1073/pnas.91.8.3166},
  urldate = {2023-01-10},
  volume = {91},
  year = {1994},
  journal = {Proceedings of the National Academy of Sciences}
}

@article{garza_1995_microsatellite,
  author = {Garza, J C  and Slatkin, M and Freimer, N B},
  month = {07},
  title = {Microsatellite allele frequencies in humans and chimpanzees, with implications for constraints on allele size.},
  doi = {10.1093/oxfordjournals.molbev.a040239},
  urldate = {2019-07-05},
  volume = {12},
  year = {1995},
  journal = {Molecular Biology and Evolution}
}

@article{marjoram2006fast,
    author ={Paul Marjoram and Jeff D Wall},
    title = {Fast ``coalescent'' simulation},
    year = {2006},
    journal = {BMC Genet},
    volume = {7},
    pages = {16},
}

@article{nelson2020accounting,
    title={Accounting for long-range correlations in genome-wide simulations
        of large cohorts},
    author={Nelson, Dominic and Kelleher, Jerome and Ragsdale, Aaron P and
        Moreau, Claudia and McVean, Gil and Gravel, Simon},
    journal={PLoS genetics},
    volume={16},
    number={5},
    pages={e1008619},
    year={2020},
    publisher={Public Library of Science San Francisco, CA USA}
}

@article{BBE13,
    title={An ancestral recombination graph for diploid populations with skewed offspring distribution},
    author={Birkner, Matthias and Blath, Jochen and Eldon, Bjarki},
    journal={Genetics},
    volume={193},
    number={1},
    pages={255--290},
    year={2013},
    publisher={Oxford University Press}
}

@article{schweinsberg03,
    title={Coalescent processes obtained from supercritical {G}alton--{W}atson processes},
    author={Schweinsberg, Jason},
    journal={Stochastic processes and their Applications},
    volume={106},
    number={1},
    pages={107--139},
    year={2003},
    publisher={Elsevier}
}

@article{rambaut1997seq,
    title={{Seq-Gen}: an application for the Monte Carlo simulation of DNA
        sequence evolution along phylogenetic trees},
    author={Rambaut, Andrew and Grassly, Nicholas C},
    journal={Bioinformatics},
    volume={13},
    number={3},
    pages={235--238},
    year={1997},
    publisher={Oxford University Press}
}

@article{spielman2015pyvolve,
  title={Pyvolve: a flexible Python module for simulating sequences along phylogenies},
  author={Spielman, Stephanie J and Wilke, Claus O},
  journal={PloS one},
  volume={10},
  number={9},
  year={2015},
  publisher={Public Library of Science}
}

@article{tagami2024tstrait,
    title={tstrait: a quantitative trait simulator for ancestral
        recombination graphs},
    author={Tagami, Daiki and Bisschop, Gertjan and Kelleher, Jerome},
    journal={Bioinformatics},
    volume={40},
    number={6},
    pages={btae334},
    year={2024},
    publisher={Oxford University Press}
}

@InCollection{kelleher2020coalescent,
    author={Kelleher, Jerome and Lohse, Konrad},
    editor={Dutheil, Julien Y.},
    title={Coalescent Simulation with msprime},
    bookTitle={Statistical Population Genomics},
    year={2020},
    publisher={Springer US},
    address={New York, NY},
    pages={191--230},
}


@article{tsambos2023link,
    title={Link-ancestors: fast simulation of local ancestry with tree
        sequence software},
    author={Tsambos, Georgia and Kelleher, Jerome and Ralph, Peter and
        Leslie, Stephen and Vukcevic, Damjan},
    journal={Bioinformatics Advances},
    volume={3},
    number={1},
    pages={vbad163},
    year={2023},
    publisher={Oxford University Press}
}

@article{ralph2020efficiently,
  author  = {Ralph, Peter and Thornton, Kevin and Kelleher, Jerome},
  title   = {Efficiently Summarizing Relationships in Large Samples: A General Duality Between Statistics of Genealogies and Genomes},
  journal = {Genetics},
  year    = {2020},
  volume  = {215},
  number  = {3},
  pages   = {779--797},
  doi     = {10.1534/genetics.120.303253},
  url     = {https://doi.org/10.1534/genetics.120.303253}
}

@article{deng2025general,
    title={A General Framework for Branch Length Estimation in Ancestral
        Recombination Graphs},
    author={Deng, Yun and Song, Yun S and Nielsen, Rasmus},
    journal={bioRxiv},
    pages={2025--02},
    year={2025},
    publisher={Cold Spring Harbor Laboratory}
}

@article{mahmoudi2022bayesian,
    title={Bayesian inference of ancestral recombination graphs},
    author={Mahmoudi, Ali and Koskela, Jere and Kelleher, Jerome and Chan,
        Yao-ban and Balding, David},
    journal={PLOS Computational Biology},
    volume={18},
    number={3},
    pages={e1009960},
    year={2022},
}

@article{fan2022genealogical,
  author  = {Fan, Caoqi and Mancuso, Nicholas and Chiang, Charleston W. K.},
  title   = {A genealogical estimate of genetic relationships},
  journal = {The American Journal of Human Genetics},
  year    = {2022},
  volume  = {109},
  number  = {5},
  pages   = {812--824},
}

@article {lehmann2025on,
    author = {Lehmann, Brieuc and Lee, Hanbin and Anderson-Trocme, Luke and
        Kelleher, Jerome and Gorjanc, Gregor and Ralph, Peter L.},
    title = {On ARGs, pedigrees, and genetic relatedness matrices},
    year = {2025},
    journal = {bioRxiv}
}

@article{korfmann2023weak,
    title={Weak seed banks influence the signature and detectability of
        selective sweeps},
    author={Korfmann, Kevin and Abu Awad, Diala and Tellier, Aur{\'e}lien},
    journal={Journal of Evolutionary Biology},
    volume={36},
    number={9},
    pages={1282--1294},
    year={2023},
    publisher={Blackwell Publishing Ltd Oxford, UK}
}

@article{stern2019approximate,
    title={An approximate full-likelihood method for inferring selection and
        allele frequency trajectories from {DNA} sequence data},
    author={Stern, Aaron J and Wilton, Peter R and Nielsen, Rasmus},
    journal={PLoS Genetics},
    volume={15},
    number={9},
    pages={e1008384},
    year={2019},
    publisher={Public Library of Science San Francisco, CA USA}
}

@article{hejase2022deep,
    title={A deep-learning approach for inference of selective sweeps from
        the ancestral recombination graph},
    author={Hejase, Hussein A and Mo, Ziyi and Campagna, Leonardo and
        Siepel, Adam},
    journal={Molecular Biology and Evolution},
    volume={39},
    number={1},
    pages={msab332},
    year={2022},
    publisher={Oxford University Press}
}

@article{pearson2023local,
    title={Local ancestry inference for complex population histories},
    author={Pearson, Alice and Durbin, Richard},
    journal={bioRxiv},
    pages={2023--03},
    year={2023},
    publisher={Cold Spring Harbor Laboratory}
}

@article{korfmann2024simultaneous,
    title={Simultaneous inference of past demography and selection from the
        ancestral recombination graph under the beta coalescent},
    author={Korfmann, Kevin and Sellinger, Thibaut Paul Patrick and Freund,
        Fabian and Fumagalli, Matteo and Tellier, Aur{\'e}lien},
    journal={Peer Community Journal},
    volume={4},
    year={2024}
}

@article{peng2024evaluating,
    title={Evaluating ARG-estimation methods in the context of estimating
        population-mean polygenic score histories},
    author={Peng, Dandan and Mulder, Obadiah J and Edge, Michael D},
    journal={bioRxiv},
    year={2024}
}

@article{brandt2022evaluation,
    title={Evaluation of methods for estimating coalescence times using
        ancestral recombination graphs},
    author={Brandt, D{\'e}bora and Wei, Xinzhu and Deng, Yun and Vaughn,
        Andrew H and Nielsen, Rasmus},
    journal={Genetics},
    volume={221},
    number={1},
    pages={iyac044},
    year={2022},
    publisher={Oxford University Press}
}

@article{deng2021distribution,
    title={The distribution of waiting distances in ancestral recombination
        graphs},
    author={Deng, Yun and Song, Yun S and Nielsen, Rasmus},
    journal={Theoretical Population Biology},
    volume={141},
    pages={34--43},
    year={2021},
    publisher={Elsevier}
}

@article{baumdicker2022efficient,
    author = {Baumdicker, Franz and Bisschop, Gertjan and Goldstein, Daniel 
        and Gower, Graham and Ragsdale, Aaron P and Tsambos, Georgia and Zhu, Sha 
        and Eldon, Bjarki and Ellerman, E Castedo and Galloway, Jared G 
        and Gladstein, Ariella L and Gorjanc, Gregor and Guo, Bing 
        and Jeffery, Ben and Kretzschumar, Warren W and Lohse, Konrad 
        and Matschiner, Michael and Nelson, Dominic and Pope, Nathaniel S 
        and Quinto-Cortés, Consuelo D and Rodrigues, Murillo F 
        and Saunack, Kumar and Sellinger, Thibaut and Thornton, Kevin 
        and van Kemenade, Hugo and Wohns, Anthony W and Wong, Yan 
        and Gravel, Simon and Kern, Andrew D and Koskela, Jere 
        and Ralph, Peter L and Kelleher, Jerome},
    title = {Efficient ancestry and mutation simulation with msprime 1.0},
    journal = {Genetics},
    volume = {220},
    number = {3},
    year = {2022},
    note = {{iyab229}},
}

@article{osmond2024estimating,
    title={Estimating dispersal rates and locating genetic ancestors with
        genome-wide genealogies},
    author={Osmond, Matthew and Coop, Graham},
    journal={eLife},
    volume={13},
    pages={e72177},
    year={2024},
    publisher={eLife Sciences Publications, Ltd}
}

@article{whitehouse2024tree,
    title={Tree sequences as a general-purpose tool for population genetic
        inference},
    author={Whitehouse, Logan S and Ray, Dylan D and Schrider, Daniel R},
    journal={Molecular Biology and Evolution},
    volume={41},
    number={11},
    pages={msae223},
    year={2024},
    publisher={Oxford University Press UK}
}

@article{grundler2024geographic,
    title={A geographic history of human genetic ancestry},
    author={Grundler, Michael C and Terhorst, Jonathan and Bradburd, Gideon
        S},
    journal={bioRxiv},
    year={2024},
    publisher={Cold Spring Harbor Laboratory Preprints}
}

@article{deraje2024inferring,
    title={Inferring the geographic history of recombinant lineages using the
        full ancestral recombination graph},
    author={Deraje, Puneeth and Kitchens, James and Coop, Graham and
        Osmond, Matthew M},
    journal={bioRxiv},
    pages={2024--04},
    year={2024},
    publisher={Cold Spring Harbor Laboratory}
}

@article{ragsdale2020lessons,
  title={Lessons learned from bugs in models of human history},
  author={Ragsdale, Aaron P and Nelson, Dominic and Gravel, Simon and Kelleher, Jerome},
  journal={American Journal of Human Genetics},
  year={2020},
  volume={107},
  number={4},
  pages={583--588}
}

@article{andersontrocme2023genes,
  author  = {Anderson-Trocm\'{e}, Luke and Nelson, Dominic and Zabad, Shadi and Diaz-Papkovich, Alex and Kryukov, Ivan and Baya, Nikolas and Touvier, Mathilde and Jeffery, Ben and Dina, Christian and Vézina, Hélène and Kelleher, Jerome and Gravel, Simon},
  title   = {On the genes, genealogies, and geographies of Quebec},
  journal = {Science},
  year    = {2023},
  volume  = {380},
  number  = {6647},
  pages   = {849--855},
}

@article{wong2024general,
  author  = {Wong, Yan and Ignatieva, Anastasia and Koskela, Jere and Gorjanc, Gregor and Wohns, Anthony W and Kelleher, Jerome},
  title   = {A general and efficient representation of ancestral recombination graphs},
  journal = {Genetics},
  volume  = {228},
  number  = {1},
  pages   = {iyae100},
  year    = {2024},
  month   = {07},
  doi     = {10.1093/genetics/iyae100}
}

@article{lauterbur2023expanding,
    title={Expanding the stdpopsim species catalog, and lessons learned for
        realistic genome simulations},
    author={Lauterbur, M Elise and Cavassim, Maria Izabel A and Gladstein,
        Ariella L and Gower, Graham and Pope, Nathaniel S and Tsambos,
        Georgia and Adrion, Jeffrey and Belsare, Saurabh and Biddanda,
        Arjun and Caudill, Victoria and others},
    journal={eLife},
    volume={12},
    pages={RP84874},
    year={2023},
    publisher={eLife Sciences Publications Limited}
}

@article{adrion2020stdpopsim,
  author      = {Adrion, Jeffrey R and Cole, Christopher B and Dukler, Noah and Galloway, Jared G and Gladstein, Ariella L and Gower, Graham and Kyriazis, Christopher C and Ragsdale, Aaron P and Tsambos, Georgia and Baumdicker, Franz and Carlson, Jedidiah and Cartwright, Reed A and Durvasula, Arun and Gronau, Ilan and Kim, Bernard Y and McKenzie, Patrick and Messer, Philipp W and Noskova, Ekaterina and Vecchyo, Diego Ortega Del and Racimo, Fernando and Struck, Travis J and Gravel, Simon and Gutenkunst, Ryan N and Lohmueller, Kirk E and Ralph, Peter L and Schrider, Daniel R and Siepel, Adam and Kelleher, Jerome and Kern, Andrew D},
  doi         = {10.7554/elife.54967},
  journal     = {{eLife}},
  keywords    = {demographic_inference methods myown simulation stdpopsim},
  title       = {A community-maintained standard library of population genetic models},
  volume      = 9,
  year        = 2020
}

@article {gower2025accessible,
    author = {Gower, Graham and Pope, Nathaniel S. and Rodrigues, Murillo
        F. and Tittes, Silas and Tran, Linh N. and Alam, Ornob and
            Cavassim, Maria Izabel Alves and Fields, Peter D. and Haller,
        Benjamin C. and Huang, Xin and Jeffrey, Ben and Korfmann, Kevin and
            Kyriazis, Christopher C. and Min, Jiseon and Rebollo, Ines and
            Rehmann, Clara T and Small, Scott T. and Smith, Christopher C.
            R. and Tsambos, Georgia and Wong, Yan and Zhang, Yu and Huber,
        Christian D. and Gorjanc, Gregor and Ragsdale, Aaron and Gronau,
        Ilan and Gutenkunst, Ryan N. and Kelleher, Jerome and Lohmueller,
        Kirk E. and Schrider, Daniel R. and Ralph, Peter L. and Kern,
        Andrew D.},
    title = {Accessible, realistic genome simulation with selection
        using stdpopsim},
    year = {2025},
    doi = {10.1101/2025.03.23.644823},
    journal = {bioRxiv}
}

@article{petrslendr2023,
    title={slendr: a framework for spatio-temporal population genomic
        simulations on geographic landscapes},
    author={Petr, Martin and Haller, Benjamin C and Ralph, Peter L and
        Racimo, Fernando},
    journal={Peer Community Journal},
    volume={3},
    year={2023}
}

@article{mckenzie2020ipcoal,
    title={ipcoal: An interactive {Python} package 
        for simulating and analyzing genealogies and sequences on a species tree or network},
    author={McKenzie, Patrick F and Eaton, Deren AR},
    journal={Bioinformatics},
    volume={36},
    number={14},
    pages={4193--4196},
    year={2020},
    publisher={Oxford University Press}
}

@article{rivera2021simulation,
    title={Simulation with {RADinitio} improves {RADseq} experimental design and
        sheds light on sources of missing data},
    author={Rivera-Col{\'o}n, Angel G and Rochette, Nicolas C and Catchen,
        Julian M},
    journal={Molecular ecology resources},
    volume={21},
    number={2},
    pages={363--378},
    year={2021},
    publisher={Wiley Online Library}
}

@article{korfmann2023deep,
    title={Deep learning in population genetics},
    author={Korfmann, Kevin and Gaggiotti, Oscar E and Fumagalli, Matteo},
    journal={Genome Biology and Evolution},
    volume={15},
    number={2},
    pages={evad008},
    year={2023},
    publisher={Oxford University Press US}
}

@article{huang2025estimating,
    title={Estimating evolutionary and demographic parameters via {ARG}-derived
        {IBD}},
    author={Huang, Zhendong and Kelleher, Jerome and Chan, Yao-ban and
        Balding, David},
    journal={PLoS Genetics},
    volume={21},
    number={1},
    pages={e1011537},
    year={2025},
}

@article{lewanski2024era,
    title={The era of the ARG: An introduction to ancestral recombination
        graphs and their significance in empirical evolutionary genomics},
    author={Lewanski, Alexander L and Grundler, Michael C and Bradburd,
        Gideon S},
    journal={Plos Genetics},
    volume={20},
    number={1},
    pages={e1011110},
    year={2024},
    publisher={Public Library of Science San Francisco, CA USA}
}

@article{nielsen2024inference,
    title={Inference and applications of ancestral recombination graphs},
    author={Nielsen, Rasmus and Vaughn, Andrew H and Deng, Yun},
    journal={Nature Reviews Genetics},
    pages={1--12},
    year={2024},
    publisher={Nature Publishing Group UK London}
}

@article{brandt2024promise,
    title={The Promise of Inferring the Past Using the Ancestral
        Recombination Graph},
    author={Brandt, D{\'e}bora YC and Huber, Christian D and Chiang,
        Charleston WK and Ortega-Del Vecchyo, Diego},
    journal={Genome Biology and Evolution},
    volume={16},
    number={2},
    pages={evae005},
    year={2024},
    publisher={Oxford University Press US}
}

@article{bisschop2025likelihoods,
    title={Likelihoods for a general class of ARGs under the SMC},
    author={Bisschop, Gertjan and Ralph, Peter L and Kelleher, Jerome},
    journal={bioRxiv},
    pages={2025--02},
    year={2025},
}

@article{deng2024robust,
  author  = {Deng, Yun and Nielsen, Rasmus and Song, Yun S.},
  title   = {Robust and Accurate Bayesian Inference of Genome-Wide Genealogies for Large Samples},
  journal = {bioRxiv},
  year    = {2024},
  doi     = {10.1101/2024.03.16.585351},
  url     = {https://www.biorxiv.org/content/early/2024/03/16/2024.03.16.585351}
}

@article{speidel2019method,
  author  = {Speidel, Leo and Forest, Marie and Shi, Sinan and Myers, Simon R.},
  title   = {A method for genome-wide genealogy estimation for thousands of samples},
  journal = {Nature Genetics},
  year    = {2019},
  volume  = {51},
  number  = {9},
  pages   = {1321--1329},
  doi     = {10.1038/s41588-019-0484-x},
  url     = {https://dx.doi.org/10.1038/s41588-019-0484-x}
}

@article{kelleher2019inferring,
  author  = {Kelleher, Jerome and Wong, Yan and Wohns, Anthony W. and Fadil, Chaimaa and Albers, Patrick K. and McVean, Gil},
  title   = {Inferring whole-genome histories in large population datasets},
  journal = {Nature Genetics},
  year    = {2019},
  volume  = {51},
  number  = {9},
  pages   = {1330--1338},
  doi     = {10.1038/s41588-019-0483-y},
  url     = {https://www.nature.com/articles/s41588-019-0483-y}
}

@article{zhang2023biobank,
  author  = {Zhang, Brian C. and Biddanda, Arjun and Gunnarsson, Arni Freyr and Cooper, Fergus and Palamara, Pier Francesco},
  title   = {Biobank-scale inference of ancestral recombination graphs enables genealogical analysis of complex traits},
  journal = {Nature Genetics},
  year    = {2023},
  volume  = {55},
  number  = {5},
  pages   = {768--776},
  doi     = {10.1038/s41588-023-01379-x},
  url     = {https://doi.org/10.1038/s41588-023-01379-x}
}

@article{gunnarsson2024scalable,
  author = {Gunnarsson, \'Arni Freyr and Zhu, Jiazheng and Zhang, Brian C. and Tsangalidou, Zoi and Allmont, Alex and Palamara, Pier Francesco},
  journal = {bioRxiv},
  title = {A scalable approach for genome-wide inference of ancestral recombination graphs},
  url = {https://www.biorxiv.org/content/early/2024/09/02/2024.08.31.610248},
  year = 2024
}

@article{wohns2022unified,
    author = {Anthony Wilder Wohns  and Yan Wong  and Ben Jeffery  
        and Ali Akbari  and Swapan Mallick  and Ron Pinhasi  
            and Nick Patterson  and David Reich  
            and Jerome Kelleher  and Gil McVean },
    title = {A unified genealogy of modern and ancient genomes},
    journal = {Science},
    volume = {375},
    number = {6583},
    pages = {eabi8264},
    year = {2022},
}

@article{nowbandegani2023extremely,
    title={Extremely sparse models of linkage disequilibrium in ancestrally
        diverse association studies},
    author={Nowbandegani, Pouria Salehi  and Wohns, Anthony Wilder and
        Ballard, Jenna L and Lander, Eric S and Bloemendal, Alex and Neale,
        Benjamin M and O’Connor, Luke J},
    journal={Nature Genetics},
    year={2023},
    publisher={Nature Publishing Group US New York}
}

@article{fritze2024forest,
    title={A forest is more than its trees: haplotypes and inferred ARGs},
    author={Fritze, Halley and Pope, Nathaniel and Kelleher, Jerome and
        Ralph, Peter},
    journal={bioRxiv},
    pages={2024--11},
    year={2024},
    publisher={Cold Spring Harbor Laboratory}
}

@article{laetsch2023demographically,
    title={Demographically explicit scans for barriers to gene flow using
        {gIMble}},
    author={Laetsch, Dominik R and Bisschop, Gertjan and Martin, Simon H
        and Aeschbacher, Simon and Setter, Derek and Lohse, Konrad},
    journal={PLoS genetics},
    volume={19},
    number={10},
    pages={e1010999},
    year={2023},
    publisher={Public Library of Science San Francisco, CA USA}
}

@article{harris2020array,
    title={Array programming with {NumPy}},
    author={Harris, Charles R and Millman, K Jarrod and van der Walt,
        St{\'e}fan J and Gommers, Ralf and Virtanen, Pauli and Cournapeau,
        David and Wieser, Eric and Taylor, Julian and Berg, Sebastian and
            Smith, Nathaniel J and others},
    journal={Nature},
    volume={585},
    number={7825},
    pages={357--362},
    year={2020},
    publisher={Nature Publishing Group}
}

@article{wiuf2000coalescent,
    title={The coalescent with gene conversion},
    author={Wiuf, Carsten and Hein, Jotun},
    journal={Genetics},
    volume={155},
    number={1},
    pages={451--462},
    year={2000},
    publisher={Genetics Soc America}
}

